<record><leader>00000cas a2200000 a 4500</leader><controlfield tag="001">9765067</controlfield><controlfield tag="008">830801d18881892ohuwr ne      0   a0eng c</controlfield><datafield ind1=" " ind2=" " tag="010"><subfield code="a">sn 89075066 </subfield></datafield><datafield ind1=" " ind2=" " tag="040"><subfield code="a">BGU</subfield><subfield code="b">eng</subfield><subfield code="c">BGU</subfield><subfield code="d">ONP</subfield><subfield code="d">OCLCQ</subfield><subfield code="d">DLC</subfield><subfield code="d">OCLCQ</subfield><subfield code="d">OCLCF</subfield><subfield code="d">OCLCO</subfield></datafield><datafield ind1="1" ind2=" " tag="029"><subfield code="a">AU@</subfield><subfield code="b">000041960578</subfield></datafield><datafield ind1=" " ind2=" " tag="042"><subfield code="a">pcc</subfield></datafield><datafield ind1=" " ind2=" " tag="043"><subfield code="a">n-us-oh</subfield></datafield><datafield ind1="0" ind2="0" tag="050"><subfield code="a">Newspaper</subfield></datafield><datafield ind1="0" ind2="0" tag="245"><subfield code="a">Defiance County Republican and express.</subfield></datafield><datafield ind1=" " ind2=" " tag="260"><subfield code="a">Defiance, Ohio :</subfield><subfield code="b">Express Pub. Co.,</subfield><subfield code="c">1888-1892.</subfield></datafield><datafield ind1=" " ind2=" " tag="300"><subfield code="a">v. :</subfield><subfield code="b">ill. ;</subfield><subfield code="c">60 cm.</subfield></datafield><datafield ind1=" " ind2=" " tag="310"><subfield code="a">Weekly</subfield></datafield><datafield ind1="0" ind2=" " tag="362"><subfield code="a">Vol. 31, no. 8 (Feb. 11, 1888)-v. 35, no. 42 (Sept. 27, 1892).</subfield></datafield><datafield ind1=" " ind2="0" tag="651"><subfield code="a">Defiance (Ohio)</subfield><subfield code="v">Newspapers.</subfield></datafield><datafield ind1=" " ind2="7" tag="655"><subfield code="a">Newspapers.</subfield><subfield code="2">fast</subfield><subfield code="0">(OCoLC)fst01423814</subfield></datafield><datafield ind1=" " ind2="7" tag="651"><subfield code="a">Ohio</subfield><subfield code="z">Defiance.</subfield><subfield code="2">fast</subfield><subfield code="0">(OCoLC)fst01227138</subfield></datafield><datafield ind1=" " ind2=" " tag="752"><subfield code="a">United States</subfield><subfield code="b">Ohio</subfield><subfield code="c">Defiance</subfield><subfield code="d">Defiance.</subfield></datafield><datafield ind1="0" ind2="0" tag="780"><subfield code="t">Defiance County express</subfield><subfield code="w">(DLC)sn 89075157</subfield></datafield><datafield ind1="0" ind2="0" tag="785"><subfield code="t">Defiance Republican express</subfield><subfield code="w">(DLC)sn 91069469</subfield></datafield></record>